@INPROCEEDINGS{mono,
  author={Chen, Rui and Li, Shanshan and Li, Zheng},
  booktitle={2017 24th Asia-Pacific Software Engineering Conference (APSEC)}, 
  title={From Monolith to Microservices: A Dataflow-Driven Approach}, 
  year={2017},
  volume={},
  number={},
  pages={466-475},
  keywords={Business;Computer architecture;Service-oriented architecture;Complexity theory;Data mining;Electronic mail;microservices;monolith;decomposition;data flow;business logic},
  doi={10.1109/APSEC.2017.53}
}


@INPROCEEDINGS{mono2,
  author={Kazanavičius, Justas and Mažeika, Dalius},
  booktitle={2019 Open Conference of Electrical, Electronic and Information Sciences (eStream)}, 
  title={Migrating Legacy Software to Microservices Architecture}, 
  year={2019},
  volume={},
  number={},
  pages={1-5},
  keywords={Computer architecture;Databases;Software;Organizations;Monitoring;Tools;microservice;architecture;decomposition},
  doi={10.1109/eStream.2019.8732170}
}

@article{mono3,
author = {Salaheddin, Nada and Ahmed, Nuredin},
year = {2022},
month = {10},
pages = {484-490},
title = {MICROSERVICES VS. MONOLITHIC ARCHITECTURE [THE DIFFERENTIAL STRUCTURE BETWEEN TWO ARCHITECTURES]},
volume = {4},
journal = {MINAR International Journal of Applied Sciences and Technology},
doi = {10.47832/2717-8234.12.47}
}

@book{layered,
  title={Software architecture patterns},
  author={Richards, Mark},
  volume={4},
  year={2015},
  publisher={O'Reilly Media, Incorporated 1005 Gravenstein Highway North, Sebastopol, CA~…}
}

@article{layered2,
author = {Tu, Zhenan},
year = {2023},
month = {11},
pages = {34-38},
title = {Research on the Application of Layered Architecture in Computer Software Development},
volume = {11},
journal = {Journal of Computing and Electronic Information Management},
doi = {https://drpress.org/ojs/index.php/jceim/article/view/14398}
}

@misc{layered3,
      title={Systematically reviewing the layered architectural pattern principles and their use to reconstruct software architectures}, 
      author={Alvine B. Belle and Ghizlane El Boussaidi and Timothy C. Lethbridge and Segla Kpodjedo and Hafedh Mili and Andres Paz},
      year={2021},
      eprint={2112.01644},
      archivePrefix={arXiv},
      primaryClass={cs.SE},
      url={https://arxiv.org/abs/2112.01644}, 
}

@article{layered4,
  title={Layered architecture},
  author={Thomas, Richard and Webb, Brae},
  year={2024},
  month={2},
  url={https://csse6400.uqcloud.net/handouts/layered.pdf},
  publisher={University of Queensland}
}

@book{soa,
author = {Massuthe, Peter and Reisig, Wolfgang and Schmidt, Karsten},
title = {An Operating Guideline Approach to the SOA},
publisher = {Humboldt-UniversitÃ¤t zu Berlin, Mathematisch-Naturwissenschaftliche FakultÃ¤t II, Institut fÃ¼r Informatik},
year = {2005},
doi = {http://dx.doi.org/10.18452/2443}
}

@book{soa2,
  title={Evaluating a service-oriented architecture},
  author={Bianco, Phil and Kotermanski, Rick and Merson, Paulo},
  year={2007},
  publisher={Citeseer}
}

@article{soa3,
author = {Laskey, Kathryn B. and Laskey, Kenneth},
title = {Service oriented architecture},
journal = {WIREs Computational Statistics},
volume = {1},
number = {1},
pages = {101-105},
doi = {https://doi.org/10.1002/wics.8},
url = {https://wires.onlinelibrary.wiley.com/doi/abs/10.1002/wics.8},
year = {2009}
}
